@Misc{Ansible,
  author       = {{Wikipedia}},
  title        = {Ansible (Software)},
  howpublished = {Web page},
  note         = {Online; accessed 10-Mar-2017},
  owner        = {S17-IR-P010},
  url          = {https://en.wikipedia.org/wiki/Ansible_(software)},
}

@Misc{github-cloudmesh-client,
  author       = {Gregor von Laszewski},
  title        = {Cloudmesh/client},
  howpublished = {Code Repository},
  note         = {Accessed: 2017-3-10},
  owner        = {S17-IR-P010},
  url          = {https://github.com/cloudmesh/client},
}

@Misc{Bash-script,
  author       = {{Wikipedia}},
  title        = {Bash (Unix shell)},
  howpublished = {Web page},
  note         = {Online; accessed 11-Mar-2017},
  owner        = {S17-IR-P010},
  url          = {https://en.wikipedia.org/wiki/Bash_(Unix_shell)},
}

@Misc{Python,
  author       = {{Python Software Foundation}},
  title        = {What is Python? Executive Summary},
  howpublished = {Web page},
  note         = {Online; accessed 21-Mar-2017},
  owner        = {S17-IR-P010},
  url          = {https://www.python.org/doc/essays/blurb/},
}

@Misc{Pip,
  author       = {{Wikipedia}},
  title        = {pip (package manager)},
  howpublished = {Web page},
  note         = {Online; accessed 20-Mar-2017},
  owner        = {S17-IR-P010},
  url          = {https://en.wikipedia.org/wiki/Pip_(package_manager)},
}

@Misc{Git,
  author       = {{Wikipedia}},
  title        = {Git},
  howpublished = {Web page},
  note         = {Online; accessed 19-Mar-2017},
  owner        = {S17-IR-P010},
  url          = {https://en.wikipedia.org/wiki/Git},
}

@Misc{OpenCV,
  author       = {{Wikipedia}},
  title        = {OpenCV},
  howpublished = {Web page},
  note         = {Online; accessed 19-Mar-2017},
  owner        = {S17-IR-P010},
  url          = {https://en.wikipedia.org/wiki/OpenCV},
}

@Misc{vehicle-detection-application,
  author       = {Andrews Sobral},
  title        = {Vehicle Detection by Haar Cascades with OpenCV},
  howpublished = {Code Repository},
  note         = {Accessed: 2017-3-10},
  owner        = {S17-IR-P010},
  url          = {https://github.com/andrewssobral/vehicle_detection_haarcascades},
}

@Misc{ssh-security,
  author       = {{Wikipedia}},
  title        = {Secure Shell},
  howpublished = {Web page},
  note         = {Online; accessed 18-Mar-2017},
  owner        = {S17-IR-P010},
  url          = {https://en.wikipedia.org/wiki/Secure_Shell},
}

@Misc{ansible-security,
  author       = {{Red Hat, Inc.}},
  title        = {The Inside Playbook},
  howpublished = {Web page},
  note         = {Online; accessed 21-Mar-2017},
  owner        = {S17-IR-P010},
  url          = {https://www.ansible.com/blog/security-automation},
}

@Misc{measuring-latency,
  author       = {{Red Hat, Inc.}},
  title        = {The Inside Playbook},
  howpublished = {Web page},
  note         = {Online; accessed 21-Mar-2017},
  owner        = {S17-IR-P010},
  url          = {https://www.ansible.com/blog/security-automation},
}

@InProceedings{haar-cascade,
  author    = {Paul Viola and Michael Jones},
  title     = {Rapid object detection using a boosted cascade of simple features},
  booktitle = {Third {IEEE} International Conference on e-Science and Grid Computing (e-Science 2007)},
  year      = {2001},
  address   = {Cambridge, MA},
  month     = dec,
  publisher = {Institute of Electrical and Electronics Engineers ({IEEE})},
  doi       = {10.1109/CVPR.2001.990517},
  owner     = {S17-IR-P010},
  url       = {http://wearables.cc.gatech.edu/paper_of_week/viola01rapid.pdf},
}
