@Misc{www-usgs1,
  author       = {USGS},
  title        = {Earthquake Hazards Program},
  howpublished = {Web Page},
  owner        = {S17-IO-3017},
  url          = {https://earthquake.usgs.gov/},
}


@Misc{www-usgs2,
  author       = {USGS},
  title        = {About Us - Program Overview},
  howpublished = {Web Page},
  owner        = {S17-IO-3017},
  url          = {https://earthquake.usgs.gov/aboutus/},
}


@Misc{www-usgs3,
  author       = {USGS},
  title        = {Search Earthquake Catalog},
  howpublished = {Web Page},
  owner        = {S17-IO-3017},
  url          = {https://earthquake.usgs.gov/earthquakes/search/},
}

@Misc{www-usgs4,
  author       = {USGS},
  title        = {Earthquake Facts},
  howpublished = {Web Page},
  owner        = {S17-IO-3017},
  url          = {https://earthquake.usgs.gov/learn/facts.php},
}

@Misc{www-dbscan,
  author       = {Quingkai Kong},
  title        = {Clustering with DBSCAN},
  howpublished = {Web Page},
  month        = {August},
  year         = {2016},
  owner        = {S17-IO-3017},
  url          = {http://qingkaikong.blogspot.in/2016/08/clustering-with-dbscan.html},
}


@Misc{www-kmeans,
  author       = {Barney Govan},
  title        = {Clustering using scikit-learn},
  howpublished = {Web Page},
  month        = {May},
  year         = {2013},
  owner        = {S17-IO-3017},
  url          = {http://fromdatawithlove.thegovans.us/2013/05/clustering-using-scikit-learn.html},
}

@Misc{readme-001,
  Title        = {README},
  Author       = {Nandita Sathe},
  HowPublished = {Code Repository},
  Month        = {April},
  Note         = {Accessed: 2017-4-25},
  Year         = {2017},
  Url          = {https://github.com/cloudmesh/earth/blob/master/README.md},
  owner        = {S17-IR-2036}
}