@misc{www-tez.org,
  title =	 {{TEZ}},
  url =		 {http://www.tez.apache.org},
  howpublished = {Web Page},
  address =	 {Indiana University},
  year =	 2017,
  month =	 mar
}
@misc{www-tez,
  title =	 {{TEZ}},
  url =		 {http://www.cascading.org},
  howpublished = {Web Page},
  address =	 {Indiana University},
  year =	 2017,
  month =	 mar
}
@misc{www-hive1,
  title =	 {{TEZ}},
  url =		 {http://issues.apache.org/jira/browse/HIVE-4660},
  howpublished = {Web Page},
  address =	 {Indiana University},
  year =	 2017,
  month =	 apr
}
@misc{www-hivetest1,
  title =	 {{TEZ}},
  url =		 {http://yahoodevelopers.tumblr.com/post/85930551108/yahoo-betting-on-apache-hive-tez-and-yarn.},
  howpublished = {Web Page},
  address =	 {Indiana University},
  year =	 2017,
  month =	 apr
}
@misc{www-spark1,
  title =	 {{TEZ}},
  url =		 {http://sungsoo.github.io/2015/06/06/spark-on-yarn.html},
  howpublished = {Web Page},
  address =	 {Indiana University},
  year =	 2017,
  month =	 apr
}


