@Misc{cloudmeshClientdoc,
  author       = {Gregor von Laszewski},
  title        = {Cloudmesh Client Toolkit},
  year         = {2015},
  howpublished = {webpage},
  url          = {http://cloudmesh-client.readthedocs.io/en/latest/},
  owner        = {S17-IR-2018},
}

@Misc{chameleonDoc,
  title        = {About Chameleon},
  howpublished = {webpage},
  url          = {https://www.chameleoncloud.org/about/chameleon/},
  owner        = {S17-IR-2018},
}

@Misc{jetIu,
  author       = {Peg Lindenlaub},
  editor       = {Brian Beck},
  title        = {System overview},
  date         = {2017-02-13},
  howpublished = {webpage},
  url          = {https://iujetstream.atlassian.net/wiki/display/JWT/System+Overview},
  owner        = {S17-IR-2018},
}

@Misc{ansibleWiki,
  title        = {Ansible(Software)},
  howpublished = {webpage},
  url          = {https://en.wikipedia.org/wiki/Ansible_(software)},
  owner        = {S17-IR-2018},
}

@Misc{sparkWiki,
  title        = {Apache Spark},
  howpublished = {webpage},
  url          = {https://en.wikipedia.org/wiki/Apache_Spark},
  owner        = {S17-IR-2018},
}

@Misc{accumulatorSpark,
  author       = {Akash Sethi},
  title        = {Introduction to Accumulators : Apache Spark},
  date         = {2016-05-13},
  howpublished = {webpage},
  url          = {https://blog.knoldus.com/2016/05/13/introduction-to-accumulators-apache-spark/},
  owner        = {S17-IR-2018},
}

@Misc{accumulatorGit,
  title        = {Accumulators},
  howpublished = {webpage},
  url          = {https://jaceklaskowski.gitbooks.io/mastering-apache-spark/content/spark-accumulators.html},
  owner        = {S17-IR-2018},
}

@Misc{hdfsHorton,
  title        = {Apache Hadoop HDFS},
  year         = {2017},
  howpublished = {webpage},
  url          = {https://hortonworks.com/apache/hdfs/},
  owner        = {S17-IR-2018},
}

@Misc{hdfsIbm,
  author       = {Hanson J},
  title        = {An introduction to the Hadoop Distributed File System},
  date         = {2011-02-11},
  howpublished = {webpage},
  url          = {https://www.ibm.com/developerworks/library/wa-introhdfs/},
  owner        = {S17-IR-2018},
}

@Misc{yarnDef,
  author       = {Margaret Rouse},
  title        = {Apache Hadoop YARN (Yet Another Resource Negotiator)},
  howpublished = {webpage},
  url          = {http://searchdatamanagement.techtarget.com/definition/Apache-Hadoop-YARN-Yet-Another-Resource-Negotiator},
  owner        = {S17-IR-2018},
}

@Misc{yarnIbm,
  author       = {Micah Nelson and M. Jones},
  title        = {Moving ahead with Hadoop YARN},
  date         = {2013-07-02},
  howpublished = {webpage},
  url          = {https://www.ibm.com/developerworks/library/bd-hadoopyarn/},
  owner        = {S17-IR-2018},
}

@Misc{ansibleLookup,
  title        = {Lookups},
  date         = {2017-04-21},
  howpublished = {webpage},
  url          = {http://docs.ansible.com/ansible/playbooks_lookups.html},
  owner        = {S17-IR-2018},
}

@Misc{ansibleArch,
  author       = {Reshma Ahmed},
  title        = {What Is Ansible? â€“ Configuration Management And Automation With Ansible},
  date         = {2016-12-12},
  howpublished = {webpage},
  url          = {https://www.edureka.co/blog/what-is-ansible/},
  owner        = {S17-IR-2018},
}

@Misc{sparkwithYarn,
  title        = {Running Spark Applications on YARN},
  howpublished = {webpage},
  url          = {https://www.cloudera.com/documentation/enterprise/5-6-x/topics/cdh_ig_running_spark_on_yarn.html},
  owner        = {S17-IR-2018},
}

@Misc{hdfsArch,
  title        = {Hadoop - HDFS Overview},
  howpublished = {webpage},
  url          = {https://www.tutorialspoint.com/hadoop/hadoop_hdfs_overview.htm},
  owner        = {S17-IR-2018},
}

