
@misc{www-1,
  author = {{Arun Murthy}},
  title =	 {{Apache Hadoop Yarn Background An Overview}},
  url = {https://hortonworks.com/blog/apache-hadoop-yarn-background-and-an-overview/},
  howpublished = {Web Page},
  year =	 2012,
  note = {page last accessed on 7 April 2017},
  owner = {S17-IO-3020}
}

@misc{www-2,
  author = {{The Apache Software Foundation}},
  title =	 {{Apache Hadoop Yarn}},
  url = {https://hadoop.apache.org/docs/r2.7.2/hadoop-yarn/hadoop-yarn-site/YARN.html},
  howpublished = {Web Page},
  year =	 2016,
  note = {page last accessed on 7 April 2017},
  owner = {S17-IO-3020}
}

@misc{www-3,
  author = {{Kawa Adam}},
  title =	 {{Introduction to YARN}},
  url = {https://www.ibm.com/developerworks/library/bd-yarn-intro/},
  howpublished = {Web Page},
  year =	 2014,
  note = {page last accessed on 7 April 2017},
  owner = {S17-IO-3020}
}


@misc{www-4,
  author = {{Horton works}},
  title =	 {{APACHE HADOOP YARN}},
  url = {https://hortonworks.com/apache/yarn/},
  howpublished = {Web Page},
  note = {page last accessed on 7 April 2017},
  owner = {S17-IO-3020}
}

@misc{www-5,
  author = {{BigDSol}},
  title =	 {{Understand Hadoop YARN}},
  url = {https://www.youtube.com/watch?v=1vg_W-MMZpA},
  howpublished = {YouTube},
  year =	 2013,
  note = {page last accessed on 7 April 2017},
  owner = {S17-IO-3020}
}

@misc{www-6,
	author = {{MapReduce Hadoop Developers}},
	title =	 {{MapReduce Tutorial}},
	url = {https://hadoop.apache.org/docs/r1.2.1/mapred_tutorial.html},
	howpublished = {Web Page},
	year =	 2013,
	note = {page last accessed on 12 April 2017},
	owner = {S17-IO-3020}
}

@misc{www-7,
	author = {{Apache Hadoop Developer}},
	title =	 {{Hadoop Documentation}},
	url = {http://hadoop.apache.org/},
	howpublished = {Web Page},
	year =	 2017,
	note = {page last accessed on 12 April 2017},
	owner = {S17-IO-3020}
}

@misc{www-8,
	author = {{Apache Hadoop Developers}},
	title =	 {{Apache Hadoop Release}},
	url = {http://hadoop.apache.org/releases.html},
	howpublished = {Web Page},
	year =	 2017,
	note = {page last accessed on 12 April 2017},
	owner = {S17-IO-3020}
}
