@Misc{www-cloudmesh-client,
  title =        {Cloudmesh Client Framework},
  howpublished = {Github},
  author =       {von Laszewski, Gregor},
  year =         2017,
  Url =          {https://github.com/cloudmesh/client}
}

@Misc{www-cloudmesh-cmd5,
  howpublished = {Github},
  title =        {Cloudmesh CMD5},
  author =       {von Laszewski, Gregor},
  year =         2017,
  url =          {https://github.com/cloudmesh/cloudmesh.cmd5}
}

@Misc{www-cloudmesh-rest,
  title =        {Cloudmesh REST Framework},
  howpublished = {Github},
  author =       {von Laszewski, Gregor},
  url =          {https://github.com/cloudmesh/cloudmesh.rest},
  year =         2017
}


@TechReport{www-las-i524-sp17,
  author =       {Gregor von Laszewski},
  title =        {Projects in Big Data Software and Applications},
  institution =  {Indiana University},
  year =         {2017},
  OPTkey =       {},
  type =      {Class Proceedings},
  OPTnumber =    {},
  OPTaddress =   {},
  month =     {July},
  OPTnote =      {},
  OPTannote =    {},
  url={https://github.com/cloudmesh/sp17-i524/raw/master/project/projects.pdf}
}

