@Misc{www-opencv,
    title = {Home - opencv/opencv Wiki},
    key = {opencv},
    note ={Accessed: 03-12-2017},
    howpublished ={Code Repository},
    author = {Gary Bradski},
    url ={https://github.com/opencv/opencv/wiki}
}


@INPROCEEDINGS{paper-trafficsign, 
    author={M. Mathias and R. Timofte and R. Benenson and L. Van Gool}, 
    booktitle={The 2013 International Joint Conference on Neural Networks (IJCNN)}, 
    title={Traffic sign recognition \#x2014; How far are we from the solution?}, 
    year={2013}, 
    pages={1-8}, 
    doi={10.1109/IJCNN.2013.6707049}, 
    ISSN={2161-4393}, 
    month={Aug},
    note={Accessed : 2017-03-25},
    owner={ S17-IR-P003}
}

@article{paper-objectdetection,
    title={Object detection using Haar-cascade Classifier},
    author={Soo, Sander},
    journal={Institute of Computer Science, University of Tartu},
    year={2014},
    note={Accessed : 2017-03-29},
    owner={S17-IR-P003}
}

@ARTICLE{paper-lisadataset, 
    author={A. Mogelmose and M. M. Trivedi and T. B. Moeslund}, 
    journal={IEEE Transactions on Intelligent Transportation Systems}, 
    title={Vision-Based Traffic Sign Detection and Analysis for Intelligent Driver Assistance Systems: Perspectives and Survey}, 
    year={2012}, 
    volume={13}, 
    number={4}, 
    pages={1484-1497}, 
    doi={10.1109/TITS.2012.2209421}, 
    ISSN={1524-9050}, 
    month={Dec},
    note={Accessed : 2017-03-29},
    owner={S17-IR-P003}
}

@INPROCEEDINGS{paper-ROD, 
    author={P. Viola and M. Jones}, 
    booktitle={Proceedings of the 2001 IEEE Computer Society Conference on Computer Vision and Pattern Recognition. CVPR 2001}, 
    title={Rapid object detection using a boosted cascade of simple features}, 
    year={2001}, 
    volume={1}, 
    pages={I-511-I-518 vol.1}, 
    doi={10.1109/CVPR.2001.990517}, 
    ISSN={1063-6919}, 
    note={Accessed : 2017-03-29},
    owner={S17-IR-P003}
}


@Misc{www-coding-robin,
    title={ TRAIN YOUR OWN OPENCV HAAR CLASSIFIER - Coding Robin},
     author={Ball, Thorsten},
    publisher = {coding-robin.de },
    month = jul,
    year = {2013},
    howpublished = {Webpage},
    url = {http://coding-robin.de/2013/07/22/train-your-own-opencv-haar-classifier.html},
    key = {coding-robin},
    owner = {S17-IR-P003},
    note = {Accessed: 2017-04-05}
}

@Misc{www-chameleon,
	title = {{Chameleon}},
	howpublished = {Web Page},
	note = {Accessed: 2017-04-19},
	owner = {S17-IR-P003},
	author = {Chameleon Cloud},
	url = {https://www.chameleoncloud.org/docs/user-faq/}
}
@Misc{www-jetstream,
	title = {{Jetstream}},
	howpublished = {Web Page},
	note = {Accessed: 2017-04-11},
	owner = {S17-IR-P003},
	author = {Indiana University},
	url = {https://jetstream-cloud.org/}
}                        
@Misc{www-spark,
	title = {{Apache Spark: Lightning-fast cluster computing}},
	howpublished = {Web Page},
	note = {Accessed: 2017-03-21},
	owner = {S17-IR-P003},
	author ={Apache Software Foundation},
	url = {http://spark.apache.org/}
}                        
@Misc{www-hadoop,
	title = {{Welcome to Apache Hadoop}},
	howpublished = {Web Page},
	note = {Accessed: 2017-03-17},
	owner = {S17-IR-P003},
	author = {Apache},
	url = {http://hadoop.apache.org/}
}

@Misc{github-stopsigns,
  Title =	 { markgaynor/stopsigns - Detecting stop signs in Google Street View images of a provided address.},
  Author = {Gaynor, Mark},
  HowPublished = {Code Repository},
  Year =	 {2016},
  Month = sep,
  Note =	 {Accessed: 2017-3-21},
  Url = {https://github.com/markgaynor/stopsigns },
  Owner = {S17-IR-P003}
}

