
@Misc{www-collectd,
  title        = {collectd - The system statistics collection daemon},
  howpublished = {Web Page},
  note         = {Accessed: 2017-02-26},
  owner        = {S17-IO-3005, S17-IO-3000},
  url          = {https://collectd.org/},
}

@Misc{www-spark-python,
  title        = {{Spark Python API (PySpark)}},
  howpublished = {Web Page},
  note         = {Accessed: 2017-02-26},
  owner        = {S17-IO-3005, S17-IO-3000},
  url          = {https://spark.apache.org/docs/0.9.1/python-programming-guide.html},
}

@Misc{www-sparkml,
  title        = {Spark ML Programming Guide},
  howpublished = {Web Page},
  note         = {Accessed: 2017-02-26},
  owner        = {S17-IO-3005, S17-IO-3000},
  url          = {https://spark.apache.org/docs/1.2.2/ml-guide.html},
}

@Misc{www-word2vec,
  title        = {{Word2Vec}, learning vector representation of words},
  howpublished = {Web Page},
  note         = {Accessed: 2017-02-26},
  owner        = {S17-IO-3005, S17-IO-3000},
  url          = {https://en.wikipedia.org/wiki/Word2vec},
}
@Misc{www-ansible,
  Title        = {Ansible Documentation}, 
  Author       = {{Red Hat, Inc.}},
  HowPublished = {Web Page},
  Month        = jan,
  Note         = {accessed 2017-01-13},
  Year         = 2015,
  Owner        = {S17-IO-3005, S17-IO-3000},
  Url          = {https://docs.ansible.com/ansible/index.html}
}

@Misc{www-cloudmesh,
  title        = {Cloudmesh Client},
  howpublished = {Code Repo},
  abstract     = {Cloudmesh client is a simple client to enable access to multiple cloud environments form a command shell and commandline.},
  owner        = {S17-IO-3005, S17-IO-3000},
  url          = {https://github.com/cloudmesh/client},
}

@Misc{www-google-custom-search,
  title        = {Google Custom Search},
  howpublished = {Web Page},
  owner        = {S17-IO-3005, S17-IO-3000},
  url          = {https://developers.google.com/custom-search/},
}

@Misc{www-goose,
  title        = {Python-Goose - Article Extractor},
  howpublished = {Code Repo},
  abstract     = {Goose was originally an article extractor written in Java
  that has most recently (Aug2011) been converted to a scala project. This is a complete rewrite in Python. The aim of the software is to take any news article or article-type web page and not only extract what is the main body of the article but also all meta data and most probable image candidate.},
  owner        = {S17-IO-3005, S17-IO-3000},
  url          = {https://github.com/grangier/python-goose},
}

@Misc{www-sparkml-features,
  title        = {Extracting, transforming and selecting features},
  howpublished = {Web Page},
  note         = {Accessed: 2017-04-26},
  owner        = {S17-IO-3005, S17-IO-3000},
  url          = {https://spark.apache.org/docs/latest/ml-features.html},
}

@article{Goldberg2014word2vecED,
  title        ={word2vec Explained: deriving Mikolov et al.'s negative-sampling word-embedding method},
  author       ={Yoav Goldberg and Omer Levy},
  journal      ={CoRR},
  year         ={2014},
  volume       ={abs/1402.3722}
}

@Misc{www-tensorflow,
  title        = {Vector Representations of Words},
  howpublished = {Web Page},
  note         = {Accessed: 2017-04-26},
  owner        = {S17-IO-3005, S17-IO-3000},
  url          = {https://www.tensorflow.org/tutorials/word2vec},
}


@Misc{www-wiki-sachin-tendulkar,
  title        = {Sachin Tendulkar},
  howpublished = {Web Page},
  note         = {Accessed: 2017-04-15},
  owner        = {S17-IO-3005, S17-IO-3000},
  url          = {https://en.wikipedia.org/wiki/Sachin_Tendulkar},
}

@Misc{www-wiki-world-cup,
  title        = {Cricket World Cup},
  howpublished = {Web Page},
  note         = {Accessed: 2017-04-15},
  owner        = {S17-IO-3005, S17-IO-3000},
  url          = {https://en.wikipedia.org/wiki/Cricket_World_Cup},
}

@Misc{www-wiki-sourav,
  title        = {Sourav Ganguly},
  howpublished = {Web Page},
  note         = {Accessed: 2017-04-15},
  owner        = {S17-IO-3005, S17-IO-3000},
  url          = {https://en.wikipedia.org/wiki/Sourav_Ganguly},
}