@InProceedings{las14cloudmeshmultiple,
  title =	 {{Accessing Multiple Clouds with Cloudmesh}},
  author =	 {von Laszewski, Gregor and Wang, Fugang and Lee,
                  Hyungro and Chen, Heng and Fox, Geoffrey C.},
  booktitle =	 {Proceedings of the 2014 ACM International Workshop
                  on Software-defined Ecosystems},
  year =	 2014,
  address =	 {New York, NY, USA},
  pages =	 {21--28},
  publisher =	 {ACM},
  series =	 {BigSystem '14},
  acmid =	 2609638,
  doi =		 {10.1145/2609441.2609638},
  isbn =	 {978-1-4503-2909-5},
  keywords =	 {cloud computing},
  location =	 {Vancouver, BC, Canada},
  numpages =	 8,
  url =		 {http://doi.acm.org/10.1145/2609441.2609638}
}

@misc{www-i524,
  author =	 {{Gregor von Laszewski and Badi Abdul-Wahid}},
  title =	 {{Big Data Classes}},
  url =		 {https://cloudmesh.github.io/classes/},
  howpublished = {Web Page},
  address =	 {Indiana University},
  year =	 2017,
  month =	 jan
}

@Misc{bigdata,
  title        = {Big Data},
  howpublished = {Web Page},
  url          = {https://www.sas.com/en_us/insights/big-data/what-is-big-data.html },
  owner        = {S17-IR-2016},
}

@Misc{cloudmesh,
  title        = {Cloudmesh},
  howpublished = {Web Page},
  url          = {https://cloudmesh.github.io/ },
  owner        = {S17-IR-2016},
}

@Misc{spark,
  title        = {Apache Spark},
  howpublished = {Web Page},
  url          = {http://spark.apache.org/ },
  owner        = {S17-IR-2016},
}


@Misc{hive,
  title        = {Apache Hive},
  howpublished = {Web Page},
  url          = {https://hive.apache.org/ },
  owner        = {S17-IR-2016},
}


@Misc{pig,
  title        = {Apache Pig},
  howpublished = {Web Page},
  url          = {https://pig.apache.org/ },
  owner        = {S17-IR-2016},
}


@Misc{chameleon,
  title        = {Chameleon Cloud},
  howpublished = {Web Page},
  url          = {https://www.chameleoncloud.org/ },
  owner        = {S17-IR-2016},
}


@Misc{jetstream,
  title        = {Jetstream cloud},
  howpublished = {Web Page},
  url          = {https://jetstream-cloud.org/ },
  owner        = {S17-IR-2016},
}


@Misc{ansible,
  title        = {Ansible webpage},
  howpublished = {Web Page},
  url          = {https://www.ansible.com/ },
  owner        = {S17-IR-2016},
}


@Misc{ansible-tutorial,
  title        = {Ansible : Tutorial},
  howpublished = {Web Page},
  url          = {https://serversforhackers.com/an-ansible-tutorial },
  owner        = {S17-IR-2016},
}


@Misc{ansible-architecture,
  title        = {Architecture of Ansible},
  howpublished = {Web Page},
  url          = {https://devops.com/ansible-automation-provisioning-configuration-management/ },
  owner        = {S17-IR-2016},
}


@Misc{hadoop,
  title        = {Apache Hadoop},
  howpublished = {Web Page},
  url          = {http://hadoop.apache.org/ },
  owner        = {S17-IR-2016},
}


@Misc{sql,
  title        = {Structured Query Language},
  howpublished = {Web Page},
  url          = {https://en.wikipedia.org/wiki/SQL },
  owner        = {S17-IR-2016},
}


@Misc{postgresql,
  title        = {PostgresQL},
  howpublished = {Web Page},
  url          = {https://www.postgresql.org/ },
  owner        = {S17-IR-2016},
}


@Misc{hdfs,
  title        = {Hadoop Distributed File System},
  howpublished = {Web Page},
  url          = {https://hortonworks.com/apache/hdfs/ },
  owner        = {S17-IR-2016},
}


@Misc{hive-website,
  title        = {Information on Hive},
  howpublished = {Web Page},
  url          = {https://hortonworks.com/hadoop-tutorial/how-to-process-data-with-apache-hive/ },
  owner        = {S17-IR-2016},
}


@Misc{hive-architecture,
  title        = {Architecture of Hive},
  howpublished = {Web Page},
  url          = {http://blog.cloudera.com/blog/2013/07/how-hiveserver2-brings-security-and-concurrency-to-apache-hive/ },
  owner        = {S17-IR-2016},
}


@Misc{hdfs-architecture,
  title        = {Architecture of HDFS},
  howpublished = {Web Page},
  url          = {https://hadoop.apache.org/docs/r1.2.1/hdfs_design.html#NameNode+and+DataNodes },
  owner        = {S17-IR-2016},
}

@Misc{aviationanalysis,
  title        = {Aviation Analysis},
  howpublished = {Web Page},
  url          = {https://aviationanalytics.com/airport-analytics/data-analysis/},
  owner        = {S17-IR-2016},
}

@Misc{bigdatainaviation,
  title = {Big Data in Aviation},
  howpublished = {Web page},
  url = {http://apex.aero/2016/11/30/big-data-aviation-industry-case-becoming-data-driven},
  owner = {S17-IR-2016}
  }