@InProceedings{las14cloudmeshmultiple,
  title =	 {{Accessing Multiple Clouds with Cloudmesh}},
  author =	 {von Laszewski, Gregor and Wang, Fugang and Lee,
                  Hyungro and Chen, Heng and Fox, Geoffrey C.},
  booktitle =	 {Proceedings of the 2014 ACM International Workshop
                  on Software-defined Ecosystems},
  year =	 2014,
  address =	 {New York, NY, USA},
  pages =	 {21--28},
  publisher =	 {ACM},
  series =	 {BigSystem '14},
  acmid =	 2609638,
  doi =		 {10.1145/2609441.2609638},
  isbn =	 {978-1-4503-2909-5},
  keywords =	 {cloud computing},
  location =	 {Vancouver, BC, Canada},
  numpages =	 8,
  url =		 {http://doi.acm.org/10.1145/2609441.2609638}
}

@misc{www-i524,
  author =	 {{Gregor von Laszewski and Badi Abdul-Wahid}},
  title =	 {{Big Data Classes}},
  url =		 {https://cloudmesh.github.io/classes/},
  howpublished = {Web Page},
  address =	 {Indiana University},
  year =	 2017,
  month =	 jan
}

@Misc {www-underscore,
  key =		 {google},
  howpublished = {Web Page},
  url =		 {http://www.google.com/some_underscore}
}
@Misc{www-millionsong,
  author       = {{labrosa}},
  title        = {Million Song Dataset},
  howpublished = {WebPage},
  year         = {2012},
  owner        = {S17-IO-3013},
  timestamp    = {2017-03-13},
  url          = {https://labrosa.ee.columbia.edu/millionsong/},
}
@Misc{www-billboard,
  title        = {http://www.billboard.com/charts},
  howpublished = {WebPage},
  year         = {2017},
  owner        = {S17-IO-3013},
  timestamp    = {2017-03-13},
  url          = {http://www.billboard.com/charts},
}

@Misc{mongod,
  author       = {{MongoDB Inc.}},
  title        = {The MongoDB 3.4 Manual},
  howpublished = {Webpage},
  owner        = {S17-IO-3013},
  timestamp    = {2017-05-01},
  url          = {https://docs.mongodb.com/manual/},
}

@Misc{spark,
  author       = {{Apache Spark}},
  title        = {Lightning-Fast Cluster Computing},
  howpublished = {Webpage},
  owner        = {S17-IO-3013},
  timestamp    = {2017-05-01},
  url          = {http://spark.apache.org/},
}

@Misc{docansible,
  author       = {{Red Hat, Inc.}},
  title        = {Playbooks},
  howpublished = {Webpage},
  month        = apr,
  year         = {2017},
  owner        = {S17-IO-3013},
  timestamp    = {2017-05-01},
  url          = {http://docs.ansible.com/ansible/playbooks.html},
}

@Misc{ansible,
  author       = {{networklore}},
  title        = {What is Ansible?},
  howpublished = {Webpage},
  month        = apr,
  year         = {2014},
  owner        = {S17-IO-3013},
  timestamp    = {2017-05-01},
  url          = {https://networklore.com/ansible/},
}

@Misc{cloudmesh,
  author       = {Gregor von Laszewski},
  title        = {Cloudmesh for Beginners},
  howpublished = {WebPage},
  year         = {2015},
  owner        = {S17-IO-3013},
  timestamp    = {2017-05-01},
  url          = {https://cloudmesh.github.io/introduction_to_cloud_computing/class/lesson/iaas/cloudmesh.html#cloudmesh-for-beginners},
}

@Misc{amplab,
  author       = {Atchley Kattt},
  title        = {Spark – Lightning-Fast Cluster Computing},
  howpublished = {Webpage},
  month        = nov,
  year         = {2011},
  owner        = {S17-IO-3013},
  timestamp    = {2017-05-01},
  url          = {https://amplab.cs.berkeley.edu/projects/spark-lightning-fast-cluster-computing},
}

@Misc{yaml,
  author       = {Oren Ben-Kiki},
  title        = {YAML Ain’t Markup Language (YAML™) Version 1.2},
  howpublished = {Webpage},
  month        = oct,
  year         = {2009},
  owner        = {S17-IO-3013},
  timestamp    = {2017-05-01},
  url          = {http://www.yaml.org/spec/1.2/spec.html},
}

@TechReport{multipleclouds,
  author      = {Gregor von Laszewski and Fugang Wang and Hyungro Lee and Heng Chen and Geoffrey C. Fox},
  title       = {Accessing Multiple Clouds with Cloudmesh},
  institution = {Indiana University, School of Informatics and Computing},
  year        = {2014},
  type        = {techreport},
  address     = {919 E. 10th Street Bloomington IN 47408, U.S.A.},
  month       = jun,
  owner       = {S17-IO-3013},
  timestamp   = {2017-05-01},
  url         = {https://www.researchgate.net/publication/266659258_Accessing_multiple_clouds_with_Cloudmesh},
}
