% This file was created with JabRef 2.10.
% Encoding: UTF-8


@Misc{www-amazon-aws,
  HowPublished             = {Web Page},

  Key                      = {aws},
  Url                      = {http://docs.aws.amazon.com/AmazonSimpleDB/latest/DeveloperGuide/AboutAWSAccounts.html}
}

@Misc{www-amazon-ec2,
  HowPublished             = {Web Page},

  Key                      = {ec2},
  Url                      = {https://aws.amazon.com/ec2/details/}
}

@Misc{www-amazon-key,
  HowPublished             = {Web Page},

  Key                      = {key},
  Url                      = {http://docs.aws.amazon.com/AWSEC2/latest/UserGuide/ec2-key-pairs.htmll}
}

@Misc{www-attach-policy,
  HowPublished             = {Web Page},

  Key                      = {requests},
  Url                      = {http://stackoverflow.com/questions/28222445/aws-cli-client-unauthorizedoperation-even-when-keys-are-set}
}

@Misc{www-cloudmesh-aws,
  HowPublished             = {Web Page},

  Key                      = {aws},
  Url                      = {https://github.com/cloudmesh/cloudmesh.aws}
}

@Misc{www-cloudmesh-client,
  HowPublished             = {Web Page},

  Key                      = {client},
  Url                      = {https://github.com/cloudmesh/client}
}

@Misc{www-cloudmesh-cmd5,
  HowPublished             = {Web Page},
  title={cloudmesh.cmd5},
  author={Gregor von Laszewski},
  Url                      = {https://github.com/cloudmesh/cloudmesh.cmd5}
}

@Misc{www-cloudmesh-cmd5,
  HowPublished             = {Web Page},
  title={cloudmesh.common},
  author={Gregor von Laszewski},
  Url                      = {https://github.com/cloudmesh/cloudmesh.common}
}

@Misc{www-cloudmesh-rest,
  HowPublished             = {Web Page},

  Key                      = {rest},
  Url                      = {https://github.com/cloudmesh/cloudmesh.rest}
}

@Misc{www-libcloud-ec2,
  HowPublished             = {Web Page},

  Key                      = {libcloud},
  Url                      = {http://libcloud.readthedocs.io/en/latest/compute/drivers/ec2.html}
}

@Misc{www-python-requests,
  HowPublished             = {Web Page},

  Key                      = {requests},
  Url                      = {https://pypi.python.org/pypi/requests}
}

