@InProceedings{las14cloudmeshmultiple,
  title =	 {{Accessing Multiple Clouds with Cloudmesh}},
  author =	 {von Laszewski, Gregor and Wang, Fugang and Lee,
                  Hyungro and Chen, Heng and Fox, Geoffrey C.},
  booktitle =	 {Proceedings of the 2014 ACM International Workshop
                  on Software-defined Ecosystems},
  year =	 2014,
  address =	 {New York, NY, USA},
  pages =	 {21--28},
  publisher =	 {ACM},
  series =	 {BigSystem '14},
  acmid =	 2609638,
  doi =		 {10.1145/2609441.2609638},
  isbn =	 {978-1-4503-2909-5},
  keywords =	 {cloud computing},
  location =	 {Vancouver, BC, Canada},
  numpages =	 8,
  url =		 {http://doi.acm.org/10.1145/2609441.2609638}
}

@InProceedings{chem14cdms,
  title =	 {{Detection of Late Intermediates in Virus Capsid
                  Assembly by Charge Detection Mass Spectrometry}},
  author =	 {Pierson, Elizabeth E. and Keifer, David Z. and
                  Selzer, Lisa and Le, Lye Siang and Contino, Nathan
                  C. and Wang, Joseph C.-Y. and Zlotnick, Adam and
                  Jarrold, Martin F.},
  booktitle =	 {J. Am. Chem. Soc.},
  year =	 2014,
  address =	 {Department of Chemistry and Department of Molecular
                  and Cellular Biochemistry, Indiana University,
                  Bloomington, Indiana 47405,United States},
  pages =	 {3536–-3541},
  publisher =	 {ACS},
  doi =		 {10.1021/ja411460w},
  location =	 {Bloomington, IN, United States},
  numpages =	 6,
  url =		 {http://pubs.acs.org/doi/pdf/10.1021/ja411460w}
}

@misc{www-i524,
  author =	 {{Gregor von Laszewski and Badi Abdul-Wahid}},
  title =	 {{Big Data Classes}},
  url =		 {https://cloudmesh.github.io/classes/},
  howpublished = {Web Page},
  address =	 {Indiana University},
  year =	 2017,
  month =	 jan
}

@misc{www-karst,
  author =	 {{Indiana University}},
  title =	 {{Karst at Indiana University}},
  url =		 {https://kb.iu.edu/d/bezu},
  howpublished = {Web Page},
  address =	 {Indiana University},
  year =	 2017,
  month =	 mar
}

@misc{www-br2,
  author =	 {{Indiana University}},
  title =	 {{Big Red II at Indiana University}},
  url =		 {https://kb.iu.edu/d/bcqt},
  howpublished = {Web Page},
  address =	 {Indiana University},
  year =	 2017,
  month =	 mar
}

@misc{www-chameleon,
  author =	 {{National Science Foundation}},
  title =	 {{Home | Chameleon Cloud}},
  url =		 {https://www.chameleoncloud.org},
  howpublished = {Web Page}
}

@misc{www-matplotlib,
  author =	 {{The MathWorks, Inc.}},
  title =	 {{Matplotlib: Python plotting - Matplotlib 2.0.0 documentation}},
  url =		 {https://matplotlib.org},
  howpublished = {Web Page},
  year =	 2017,
  month =	 feb
}

@misc{www-mpi,
  author =	 {{Software in the Public Interest}},
  title =	 {{Open MPI: Open Source High Performance Computing}},
  url =		 {https://www.open-mpi.org},
  howpublished = {Web Page},
  address =	 {Houston, TX, USA},
  year =	 2017,
  month =	 mar
}

@misc{www-iu-vpn,
  author =	 {{Indiana University}},
  title =	 {{About the IU VPN}},
  url =		 {https://kb.iu.edu/d/ajrq},
  howpublished = {Web Page},
  address =	 {Indiana University},
  year =	 2017,
  month =	 mar
}

@misc{www-iu-duo,
  author =	 {{Indiana University}},
  title =	 {{What is Two-Step Login (Duo) and how does it work?}},
  url =		 {https://kb.iu.edu/d/beum},
  howpublished = {Web Page},
  address =	 {Indiana University},
  year =	 2017,
  month =	 mar
}

@misc{www-hadoop,
  author =	 {{The Apache Software Foundation}},
  title =	 {{Welcome to Apache Hadoop!}},
  url =		 {https://cloudmesh.github.io/classes/},
  howpublished = {Web Page},
  year =	 2017,
  month =	 mar
}

@misc{www-hadoop-streaming,
  author =	 {{The Apache Software Foundation}},
  title =	 {{Hadoop Streaming}},
  url =		 {https://hadoop.apache.org/docs/r1.2.1/streaming.html},
  howpublished = {Web Page},
  year =	 2013,
  month =	 aug
}

@misc{www-github,
  author =	 {{GitHub, Inc.}},
  title =	 {{The world's leading software development platform · GitHub}},
  url =		 {https://github.com},
  howpublished = {Web Page},
  year =	 2017
}

@misc{www-github-i524,
  author =	 {{GitHub, Inc.}},
  title =	 {{Class submissions for Spring 2017 i524}},
  url =		 {https://github.com/cloudmesh/sp17-i524},
  howpublished = {Web Page},
  year =	 2017
}

@misc{www-apache-lic,
  author =	 {{The Apache Software Foundation}},
  title =	 {{Apache License}},
  url =		 {https://www.apache.org/licenses/LICENSE-2.0.html},
  howpublished = {Web Page},
  year =	 2017
}

@misc{www-intel-lic,
  author =	 {{Intel Corporation}},
  title =	 {{Product Licensing FAQ}},
  url =		 {https://software.intel.com/en-us/faq/licensing},
  howpublished = {Web Page},
  year =	 2017
}

@misc{www-intel-reg,
  author =	 {{Intel Corporation}},
  title =	 {{Manage License}},
  url =		 {https://registrationcenter.intel.com/en/products/license/2hws-f758wjvr/},
  howpublished = {Web Page},
  year =	 2017,
}

@misc{www-openmp,
  author =	 {{OpenMP}},
  title =	 {{Home - OpenMP}},
  url =		 {http://www.openmp.org},
  howpublished = {Web Page},
  year =	 2016
}

@misc{www-intel-mkl,
  author =	 {{md-rezaur-rahman (Intel) and Gennady F. (Intel)}},
  title =	 {{The Intel Math Kernel Library and its Fast Fourier
                  Transform Routines}},
  url =
                  {https://software.intel.com/en-us/articles/the-intel-math-kernel-library-and-its-fast-fourier-transform-routines},
  howpublished = {Web Page},
  year =	 2011,
  month =	 jun
}

@misc{www-intel,
  author =	 {{Intel Corporation}},
  title =	 {{Intel Fortran Compiler}},
  url =          {https://software.intel.com/en-us/fortran-compilers},
  howpublished = {Web Page},
  year =	 2017
}

@misc{www-cloudmesh,
  author =	 {{Gregor von Laszewski}},
  title =	 {{Cloudmesh Client Toolkit}},
  url =		 {http://cloudmesh-client.readthedocs.io/en/latest/},
  howpublished = {Web Page},
  address =	 {Indiana University},
  year =	 2015,
}

@misc{www-ansible-galaxy,
  author =	 {{Red Hat, Inc.}},
  title =	 {{Ansible Galaxy | Find, reuse, and share the best Ansible content}},
  url =		 {https://galaxy.ansible.com},
  howpublished = {Web Page},
  year =	 2016,
}

@misc{www-ansible,
  author =	 {{Red Hat, Inc.}},
  title =	 {{Ansible is Simple IT Automation}},
  url =		 {https://www.ansible.com},
  howpublished = {Web Page},
  year =	 2017,
}

@misc{www-mfj,
  author =	 {{Benjamin Draper}},
  title =	 {{MFJ Research Group}},
  url =		 {http://www.indiana.edu/~nano/},
  howpublished = {Web Page},
  address =	 {Indiana University},
  year =	 2017
}

@misc{www-mfjgroup,
  author =	 {{Benjamin Draper}},
  title =	 {{MFJ Research Group}},
  url =		 {http://www.indiana.edu/~nano/group/},
  howpublished = {Web Page},
  address =	 {Indiana University},
  year =	 2017
}

@Misc {www-underscore,
  key =		 {google},
  howpublished = {Web Page},
  url =		 {http://www.google.com/some_underscore}
}
