
@misc{www-apache1,
	title = {Apache {Storm}},
	url = {http://storm.apache.org/},
	urldate = {2017-04-16},
	file = {Apache Storm:/home/vasanth/.mozilla/firefox/9wmfc1j3.default/zotero/storage/X5722DQP/storm.apache.org.html:text/html}
}

@misc{www-wiki-storm,
	title = {Storm (event processor) - {Wikipedia}},
	url = {https://en.wikipedia.org/wiki/Storm_(event_processor)},
	urldate = {2017-04-16},
	file = {Storm (event processor) - Wikipedia:/home/vasanth/.mozilla/firefox/9wmfc1j3.default/zotero/storage/7X56JME7/Storm_(event_processor).html:text/html}
}

@misc{www-storm-apache,
	title = {Apache {Storm}},
	url = {http://storm.apache.org/},
	urldate = {2017-04-16},
	file = {Apache Storm:/home/vasanth/.mozilla/firefox/9wmfc1j3.default/zotero/storage/7X77VJAK/storm.apache.org.html:text/html}
}

@misc{www-storm-zookeeper,
	title = {Apache {ZooKeeper} - {Releases}},
	url = {http://zookeeper.apache.org/releases.html},
	urldate = {2017-04-16},
	file = {Apache ZooKeeper - Releases:/home/vasanth/.mozilla/firefox/9wmfc1j3.default/zotero/storage/XVJ5X2VG/releases.html:text/html}
}
