@article{BOUCHER19691,
title = {The pollyanna hypothesis},
journal = {Journal of Verbal Learning and Verbal Behavior},
volume = {8},
number = {1},
pages = {1 - 8},
year = {1969},
note = {},
issn = {0022-5371},
doi = {http://dx.doi.org/10.1016/S0022-5371(69)80002-2},
url = {http://www.sciencedirect.com/science/article/pii/S0022537169800022},
author = {Jerry Boucher and Charles E. Osgood},
note={online,accessed:12-03-2017},
owner={S17-IR-2027,S17-IR-2037,S17-IR-2030}
}
@Misc{www-Highcharts,
  Title        = {Interactive JavaScript charts for your webpage | Highcharts},
  Author       = {Highcharts},
  HowPublished = {Web Page},
  Year         = {2017},
  Month        = mar,
  note =  {Accessed: 2017-3-24},
  owner = {S17-IR-2027,S17-IR-2030,S17-IR-2037},
  Url = {https://www.highcharts.com/}
}
@Misc{www-HCMasterdetail,
  Title        = {Master detail chart | Highcharts},
  Author       = {Highcharts},
  HowPublished = {Web Page},
  Year         = {2017},
  Month        = mar,
  note =  {Accessed: 2017-3-24},
  owner = {S17-IR-2027,S17-IR-2030,S17-IR-2037},
  Url = {https://www.highcharts.com/demo/dynamic-master-detail}
}
@Misc{www-reorder,
  Title        = {Reordering .jdfekete/reorder.js Wiki},
  Author       = {Jean-Daniel Fekete},
  HowPublished = {Web Page},
  Year         = {2015},
  Month        = Aug,
  note =  {Accessed: 2017-3-24},
  owner = {S17-IR-2027,S17-IR-2030,S17-IR-2037},
  Url = {https://github.com/jdfekete/reorder.js/wiki/Reordering}
}
@Misc{www-cooccur,
  Title        = {Les Miserables Co-occurrence},
  Author       = {Mike Bostock},
  HowPublished = {Web Page},
  Year         = {2012},
  Month        = Apr,
  note =  {Accessed: 2017-3-24},
  owner = {S17-IR-2027,S17-IR-2030,S17-IR-2037},
  Url = {https://bost.ocks.org/mike/miserables/}
}
@Misc{www-highmaps,
  Title        = {Highmaps demos | Highcharts},
  Author       = {Highcharts},
  HowPublished = {Web Page},
  Year         = {2017},
  Month        = Mar,
  note =  {Accessed: 2017-3-24},
  owner = {S17-IR-2027,S17-IR-2030,S17-IR-2037},
  Url = {https://www.highcharts.com/maps/demo}
}
@Misc{www-uscount,
  Title        = {Small US with Data labels | Highcharts},
  Author       = {Highcharts},
  HowPublished = {Web Page},
  Year         = {2017},
  Month        = Mar,
  note =  {Accessed: 2017-3-24},
  owner = {S17-IR-2027,S17-IR-2030,S17-IR-2037},
  Url = {https://www.highcharts.com/maps/demo/us-data-labels}
}
@Misc{www-d3,
  Title        = {Real-time D3  visualization},
  Author       = {Jefferey Morgan},
  HowPublished = {Web Page},
  Year         = {2015},
  Month        = Oct,
  note =  {Accessed: 2017-3-24},
  owner = {S17-IR-2027,S17-IR-2030,S17-IR-2037},
  Url = {https://github.com/UsabilityEtc/d3-twitter-geo-stream}
}
@Misc{www-ussenti,
  Title        = {Map with overlaid pie charts | Highcharts},
  Author       = {Highcharts},
  HowPublished = {Web Page},
  Year         = {2017},
  Month        = Mar,
  note =  {Accessed: 2017-3-24},
  owner = {S17-IR-2027,S17-IR-2030,S17-IR-2037},
  Url = {https://www.highcharts.com/maps/demo/map-pies}
}
@Misc{www-contisenti,
  Title        = {Heat Map | Highcharts},
  Author       = {Highcharts},
  HowPublished = {Web Page},
  Year         = {2017},
  Month        = Mar,
  note =  {Accessed: 2017-3-24},
  owner = {S17-IR-2027,S17-IR-2030,S17-IR-2037},
  Url = {https://www.highcharts.com/demo/heatmap}
}
@Misc{www-wordcloud,
  Title        = {Heat Map | Highcharts},
  Author       = {Andreas Mueller},
  HowPublished = {Web Page},
  Year         = {2017},
  Month        = Mar,
  note =  {Accessed: 2017-3-24},
  owner = {S17-IR-2027,S17-IR-2030,S17-IR-2037},
  Url = {https://github.com/amueller/word_cloud}
}
@Misc{www-worldsenti,
  Title        = {Heat Map | Highcharts},
  Author       = {Highcharts},
  HowPublished = {Web Page},
  Year         = {2017},
  Month        = Mar,
  note =  {Accessed: 2017-3-24},
  owner = {S17-IR-2027,S17-IR-2030,S17-IR-2037},
  Url = {https://www.highcharts.com/maps/demo/tooltip}
}
@Misc{www-twitstat,
  Title        = {Twitter usage statistics | Usage live stats},
  Author       = {Internet live stats},
  HowPublished = {Web Page},
  Year         = {2017},
  Month        = Mar,
  note =  {Accessed: 2017-3-24},
  owner = {S17-IR-2027,S17-IR-2030,S17-IR-2037},
  Url = {http://www.internetlivestats.com/twitter-statistics/}
}
@Misc{www-tweepy,
  Title        = {Tweepy Documentation|Tweepy version 3.5.0},
  Author       = {Internet live stats},
  HowPublished = {Web Page},
  Year         = {2009},
  Month        = Aug,
  note =  {Accessed: 2017-3-24},
  owner = {S17-IR-2027,S17-IR-2030,S17-IR-2037},
  Url = {http://tweepy.readthedocs.io/en/v3.5.0/}
}
@Misc{www-json,
  Title        = {Json encoder and decoder- Python 2.7 Documentation},
  Author       = {Python software foundation},
  HowPublished = {Web Page},
  Year         = {2017},
  Month        = Mar,
  note =  {Accessed: 2017-3-24},
  owner = {S17-IR-2027,S17-IR-2030,S17-IR-2037},
  Url = {https://docs.python.org/2/library/json.html}
}
@Misc{www-apache_spark,
  Title        = {Spark Architecture},
  Author       = {Jacek Laskowski},
  HowPublished = {Web Page},
  Year         = {2017},
  Month        = Mar,
  note =  {Accessed: 2017-3-24},
  owner = {S17-IR-2027,S17-IR-2030,S17-IR-2037},
  Url = {https://jaceklaskowski.gitbooks.io/mastering-apache-spark/content/spark-architecture.html}
}
@Misc{www-pandas,
  Title        = {Python data analysis library-Pandas},
  Author       = {pandas.pydata},
  HowPublished = {Web Page},
  Year         = {2017},
  Month        = Mar,
  note =  {Accessed: 2017-3-24},
  owner = {S17-IR-2027,S17-IR-2030,S17-IR-2037},
  Url = {http://pandas.pydata.org/}
}
@Misc{www-numpy,
  Title        = {Numpy and Scipy documentation},
  Author       = {Scipy developers},
  HowPublished = {Web Page},
  Year         = {2017},
  Month        = Mar,
  note =  {Accessed: 2017-3-24},
  owner = {S17-IR-2027,S17-IR-2030,S17-IR-2037},
  Url = {https://docs.scipy.org/doc/}
}
@Misc{www-zipcode,
  Title        = {zipcode-python package index},
  Author       = {Python software foundation},
  HowPublished = {Web Page},
  Year         = {2017},
  Month        = Mar,
  note =  {Accessed: 2017-3-24},
  owner = {S17-IR-2027,S17-IR-2030,S17-IR-2037},
  Url = {https://pypi.python.org/pypi/zipcode}
}
@Misc{www-textblob,
  Title        = {Textblob-simplified text processing},
  Author       = {Steven Loria},
  HowPublished = {Web Page},
  Year         = {2017},
  Month        = Mar,
  note =  {Accessed: 2017-3-24},
  owner = {S17-IR-2027,S17-IR-2030,S17-IR-2037},
  Url = {https://textblob.readthedocs.io/en/dev/}
}
@Misc{www-matplotlib,
  Title        = {overview- matplotlib documentation},
  Author       = {John Hunter, Darren Dale, Eric Firing, Michael Droettboom and the Matplotlib development team},
  HowPublished = {Web Page},
  Year         = {2012},
  Month        = Mar,
  note =  {Accessed: 2017-3-24},
  owner = {S17-IR-2027,S17-IR-2030,S17-IR-2037},
  Url = {https://matplotlib.org/contents.html}
}
@Misc{www-RDD,
  Title        = {Reselient Distributed Datasets},
  Author       = {TutorialsPoint},
  HowPublished = {Web Page},
  Year         = {2017},
  Month        = Mar,
  note =  {Accessed: 2017-3-24},
  owner = {S17-IR-2027,S17-IR-2030,S17-IR-2037},
  Url = {https://www.tutorialspoint.com/apache_spark/apache_spark_rdd.htm}
}
@Misc{www-nltk,
  Title        = {Natural Language toolkit-NLTK 3.0 documentation},
  Author       = {NLTK project},
  HowPublished = {Web Page},
  Year         = {2015},
  Month        = Mar,
  note =  {Accessed: 2017-3-24},
  owner = {S17-IR-2027,S17-IR-2030,S17-IR-2037},
  Url = {http://www.nltk.org/}
}
@Misc{www-nodejs,
  Title        = {Node.js},
  Author       = {Linux Foundation},
  HowPublished = {Web Page},
  Year         = {2017},
  Month        = Mar,
  note =  {Accessed: 2017-3-24},
  owner = {S17-IR-2027,S17-IR-2030,S17-IR-2037},
  Url = {https://nodejs.org/en/}
}
@Misc{www-highwiki,
  Title        = {Highcharts-Wikipedia},
  Author       = {Wikipedia},
  HowPublished = {Web Page},
  Year         = {2017},
  Month        = Mar,
  note =  {Accessed: 2017-3-24},
  owner = {S17-IR-2027,S17-IR-2030,S17-IR-2037},
  Url = {https://en.wikipedia.org/wiki/Highcharts}
}
@Misc{www-d3-web,
  Title        = {D3.js Data Driven documents},
  Author       = {Mike Bostock},
  HowPublished = {Web Page},
  Year         = {2017},
  Month        = Mar,
  note =  {Accessed: 2017-3-24},
  owner = {S17-IR-2027,S17-IR-2030,S17-IR-2037},
  Url = {https://d3js.org/}
}
@Misc{www-cm-git,
  Title        = {Cloudmesh Client},
  Author       = {Gregor von Laszewski},
  HowPublished = {Web Page},
  Year         = {2017},
  Month        = Mar,
  note =  {Accessed: 2017-3-24},
  owner = {S17-IR-2027,S17-IR-2030,S17-IR-2037},
  Url = {https://github.com/cloudmesh/client}
}

@Misc{www-ansible,
  Title        = {Overview: How Ansible Works},
  Author       = {Ansible},
  HowPublished = {Web Page},
  Year         = {2017},
  Month        = Mar,
  note =  {Accessed: 2017-3-24},
  owner = {S17-IR-2027,S17-IR-2030,S17-IR-2037},
  Url = {https://www.ansible.com/how-ansible-works}
}


@inproceedings{somasundaran2007detecting,
  title={Detecting arguing and sentiment in meetings},
  author={Somasundaran, Swapna and Ruppenhofer, Josef and Wiebe, Janyce},
  booktitle={Proceedings of the SIGdial Workshop on Discourse and Dialogue},
  volume={6},
  year={2007}
}
@inproceedings{riloff2003learning,
  title={Learning extraction patterns for subjective expressions},
  author={Riloff, Ellen and Wiebe, Janyce},
  booktitle={Proceedings of the 2003 conference on Empirical methods in natural language processing},
  pages={105--112},
  year={2003},
  organization={Association for Computational Linguistics}
}
@article{bethard2015proceedings,
  title={Proceedings of the 9th International Workshop on Semantic Evaluation (SemEval 2015)},
  author={Bethard, S and Derczynski, L and Savova, G},
  year={2015}
}