@Misc{www-apache-spark,
title = {Overview - Spark 2.1.0 Documentation},
key = {asf},
note ={Accessed: 03-12-2017},
howpublished ={Web Page},
author = {Apache Software Foundation},
url ={http://spark.apache.org/docs/latest/index.html}
}


@misc{Ansible,
	title =	 {Ansible Documentation},
	url =		 {http://docs.ansible.com/ansible/index.html},
	howpublished = {Web Page},
	
}

@misc{www-Spark-ML,
	
	title =	 {Ansible Documentation},
	url =		 {http://docs.ansible.com/ansible/index.html},
	howpublished = {Web Page},
	
}
@misc{DataFrame,
	
	title =	 {Spark SQL and DataFrames},
	url =		 {http://spark.apache.org/docs/latest/sql-programming-guide.html},
	howpublished = {Web Page},
	
}

@misc{VectorAssembler,
	
	title =	 {Extracting, transforming and selecting features - spark.ml},
	url =		 {http://docs.ansible.com/ansible/index.html},
	howpublished = {Web Page},
	
}

@misc{Transformer,
	
	title =	 {ML Pipelines},
	url =		 {https://spark.apache.org/docs/2.0.2/ml-pipeline.html#transformers},
	howpublished = {Web Page},
	
}

@misc{Pipeline,
	
	title =	 {ML Pipelines},
	url =		 {https://spark.apache.org/docs/2.0.2/ml-pipeline.html},
	howpublished = {Web Page},
	
}

@misc{Cloudmesh,
	
	title =	 {Cloudmesh -- my Cloudmesh Web Documentation},
	url =	 {https://cloudmesh.github.io/},
	howpublished = {Web Page},
	
}

@misc{YARN,
	
	title =	 {Cloudmesh -- my Cloudmesh Web Documentation},
	url =	 {https://cloudmesh.github.io/},
	howpublished = {Web Page},
	
}

@misc{HDFS,
	
	title =	 {Cloudmesh -- my Cloudmesh Web Documentation},
	url =	 {https://cloudmesh.github.io/},
	howpublished = {Web Page},
	
}
@misc{www-jetstream,
	
	title =	 {Jetstream Home},
	url =	 {https://jetstream-cloud.org/},
	howpublished = {Web Page},
	
}

@misc{ML-Workflow,
	
	title =	 {Predicting Breast Cancer using Apache Spark Machine Learning},
	url =	 {https://mapr.com/blog/predicting-breast-cancer-using-apache-spark-machine-learning-logistic-regression/},
	howpublished = {Web Page},
	
}



@book{Learn-Spark,
	author    = "Holden Karau, Andy Konwinski, P. Wendell, Matei Zaharia",
	title     = "Learning Spark: Lightning-Fast Big Data Analysis",
	year      = "2015",
	publisher = "O’Reilly Media",

}

@misc{www-python,
	
	title =	 {Welcome to Python.org},
	url =	 {https://www.python.org/},
	howpublished = {Web Page},
	
}

@misc{www-hadoop,
	
	title =	 {Welcome to Apache™ Hadoop®!},
	url =	 {http://hadoop.apache.org/},
	howpublished = {Web Page},
	
}

@misc{www-spark,
	
	title =	 {Apache Spark Lightning-fast cluster computing},
	url =	 {http://spark.apache.org/},
	howpublished = {Web Page},
	
}


@misc{www-github,
	
	title =	 {Github},
	url =	 {https://github.com/},
	howpublished = {Web Page},
	
}


@misc{www-ansible,
	
	title =	 {Ansible is simple IT Automation},
	url =	 {https://www.ansible.com/},
	howpublished = {Web Page},
	
}

@misc{www-chameleon,
	
	title =	 {Home | Chameleon Cloud},
	url =	 {https://www.chameleoncloud.org/},
	howpublished = {Web Page},
	
}